@online{Digg,
    author = {Digg},
    title = {Följ standarder för tillgänglighet},
    url = {https://webbriktlinjer.se/lagkrav/folj-standarder-tillganglighet/},
    urldate = {2023-10-18},
}

@online{W3C,
    author = {W3C},
    title = {Web Accessibility Evaluation Tools List},
    date = {2016},
    url = {https://www.w3.org/WAI/ER/tools/},
}